@ARTICLE {Bozick,
    author  = "Robert Bozick",
    title   = "Making it through the first year of college: The role of students' economic resources, employment, and living arrangements",
    journal = "Society of Education",
    year    = "2007",
    volume  = "80",
    pages   = "261-285",
    month   = "July"
}

@ARTICLE {DowdCoury,
    author  = "Alicia C Dowd and Tarek Coury",
    title   = "The effect of loans on the persistence and attainment of community college students",
    journal = "Research in Higher Education",
    year    = "2006",
    volume  = "47",
    pages   = "33-62",
    month   = "February"
}

@UNPUBLISHED {Dynarski,
    author = "Susan M Dynarski",
    title  = "Does aid matter? Measuring the effect of student aid on college attendance and completion",
    note   = "NBER Working Paper No, 7422",
    month  = "November",
    year   = "1999"
}

@BOOKLET {Johnsonetal,
    title        = "Student debt and the value of a college degree",
    author       = "Hans Johnson and  Marisol Cuellar Mejia and David Ezekiel and Betsey Zeiger",
    howpublished = "Public Policy Institute of California website",
    address      = "San Francisco, CA",
    month        = "June",
    year         = "2013"
}

@ARTICLE {Kim,
    author  = "DongbinKim",
    title   = "The effect of financial aid on students' college choice: Differences by racial groups",
    journal = "Research in Higher Education",
    year    = "2004",
    volume  = "45",
    number  = "43-70",
    month   = "February"
}

@ARTICLE {MantheiGilmore,
    author  = "Robert J Manthei and Alison Gilmore",
    title   = "The effect of paid employment on university studentsâ€™ lives",
    journal = "Education and Training",
    year    = "2005",
    volume  = "47",
    number  = "3",
    pages   = "202-215"
}

@ARTICLE {McPhersonSchapiro,
    author  = "Michael S. McPherson and Morton O. Schapiro",
    title   = "Does student aid affect college enrollment? New evidence on a persistent controversy",
    journal = "The American Economic Review",
    year    = "1991",
    volume  = "81",
    pages   = "309-318",
    month   = "March"
}

@MANUAL{ brookes,
        title = {The Matrix Reference Manual},
        key =    {Brookes},
        editor = {M. Brookes},
        url = {http://www.ee.ic.ac.uk/hp/staff/dmb/matrix/intro.html},
        year = {2005}
}

